%% This BibTeX bibliography file was created using BibDesk.
%% http://bibdesk.sourceforge.net/

%% Created for Diego Herrera at 2015-07-30 13:12:59 +0200 


%% Saved with string encoding Unicode (UTF-8) 



@book{cvitanovic:2008,
	Author = {Cvitanovic, Predrag},
	Date-Added = {2015-07-30 11:12:15 +0000},
	Date-Modified = {2015-07-30 11:12:59 +0000},
	Isbn = {9780691118369},
	Publisher = {Princeton University Press},
	Title = {{Group Theory}},
	Year = {2008}}

@booklet{bertschinger:1999,
	Author = {Edmund Bertschinger},
	Date-Added = {2015-07-08 20:56:25 +0000},
	Date-Modified = {2015-07-08 21:04:04 +0000},
	Publisher = {Massachusetts Institute of Technology},
	Title = {Introduction to Tensor Calculus for General Relativity},
	Url = {http://web.mit.edu/edbert/GR/gr1.pdf},
	Year = {1999},
	Bdsk-Url-1 = {http://web.mit.edu/edbert/GR/gr1.pdf}}
