%% This BibTeX bibliography file was created using BibDesk.
%% http://bibdesk.sourceforge.net/


%% Created for art at 2014-08-05 08:56:47 +0200 


%% Saved with string encoding Unicode (UTF-8) 



@book{apostol:1967,
	Author = {Tom M. Apostol},
	Date-Added = {2014-08-05 06:56:37 +0000},
	Date-Modified = {2014-08-05 06:56:37 +0000},
	Publisher = {Xerox},
	Title = {Calculus, One-Variable Calculus with an Introduction to Linear Algebra},
	Year = {1967}}

@manual{amth142,
	Author = {Unknown},
	Date-Added = {2014-08-05 06:00:22 +0000},
	Date-Modified = {2014-08-05 06:01:08 +0000},
	Month = {04},
	Organization = {AMTH142},
	Title = {Monte-Carlo Integration Simulation},
	Year = {2007}}

@manual{fang:2014,
	Author = {Quanlei Fang},
	Date-Added = {2014-08-05 05:57:34 +0000},
	Date-Modified = {2014-08-05 05:59:23 +0000},
	Month = {08},
	Title = {Integral Properties and Average Value},
	Year = {2014}}

@comment{BibDesk URL Groups{
<?xml version="1.0" encoding="UTF-8"?>
<!DOCTYPE plist PUBLIC "-//Apple//DTD PLIST 1.0//EN" "http://www.apple.com/DTDs/PropertyList-1.0.dtd">
<plist version="1.0">
<array>
	<dict>
		<key>URL</key>
		<string>file://localhost/Users/diego/Documents/PhD%20work/PhD-thermoprocess/basic%20research/tex/dissertation/backMatter/references.bib</string>
		<key>group name</key>
		<string>references.bib</string>
	</dict>
</array>
</plist>
}}
