%% This BibTeX bibliography file was created using BibDesk.
%% http://bibdesk.sourceforge.net/


%% Created for art at 2014-09-10 10:31:13 +0200 


%% Saved with string encoding Unicode (UTF-8) 



@book{lienhard:2012,
	Author = {John H. Lienhard IV and John H. Lienhard V},
	Date-Added = {2014-09-10 08:29:49 +0000},
	Date-Modified = {2014-09-10 08:31:13 +0000},
	Edition = {Fourth Edition},
	Publisher = {Phlogiston Press},
	Title = {A Heat Transfer Textbook},
	Year = {2012}}

@article{bhaskar:1990,
	Author = {R. Bhaskar and Anil Nigam},
	Date-Added = {2014-09-04 07:06:43 +0000},
	Date-Modified = {2014-09-04 07:08:00 +0000},
	Journal = {Artificial Intelligence},
	Pages = {73-111},
	Title = {Qualitative Physics Using Dimensional Analysis},
	Volume = {45},
	Year = {1990}}

@book{tong:2013,
	Author = {David Tong},
	Date-Added = {2014-08-30 18:23:27 +0000},
	Date-Modified = {2014-08-30 18:24:24 +0000},
	Publisher = {University of Cambridge},
	Series = {Mathematical Tripos},
	Title = {Dynamics and Relativity},
	Year = {2013}}

@book{bridgman:1920,
	Author = {Percy Williams Bridgman},
	Date-Added = {2014-08-29 08:37:40 +0000},
	Date-Modified = {2014-08-29 08:37:40 +0000},
	Publisher = {Yale University Press},
	Title = {Dimensional analysis},
	Year = {1920}}

@manual{hartl:2010,
	Author = {Michael Hartl},
	Date-Added = {2014-08-28 21:46:53 +0000},
	Date-Modified = {2014-08-28 21:47:20 +0000},
	Title = {The Tau Manifesto},
	Year = {2010}}

@manual{francis:1999,
	Author = {Paul Francis},
	Date-Added = {2014-08-28 18:25:12 +0000},
	Date-Modified = {2014-08-28 18:26:22 +0000},
	Organization = {ANU Dept. of Physics},
	Title = {"Back-of-the-Envelope" Calculations Or: The Seven Habits of Highly Effective Astronomers},
	Year = {1999}}

@book{sanjoy:2008,
	Author = {Sanjoy Mahajan},
	Date-Added = {2014-08-26 09:01:32 +0000},
	Date-Modified = {2014-08-26 09:02:47 +0000},
	Publisher = {MIT},
	School = {MIT},
	Series = {OpenCourseWare},
	Title = {The Art of Approximation in Science and Engineering},
	Year = {2008}}

@manual{nsw:2000,
	Author = {Department of Education and Training},
	Date-Added = {2014-08-24 07:31:56 +0000},
	Date-Modified = {2014-08-24 07:41:01 +0000},
	Organization = {NSW Department of Education and Training},
	Title = {Mathematical Modelling and the General Mathematics Syllabus},
	Year = {2000}}

@manual{price:2006,
	Author = {James F. Price},
	Date-Added = {2014-08-23 20:36:49 +0000},
	Date-Modified = {2014-08-23 20:38:02 +0000},
	Organization = {Woods Hole Oceanographic Institution},
	Title = {Dimensional Analysis of Models and Data Sets: Similarity Solutions and Scaling Analysis},
	Year = {2006}}

@manual{gleich:2005,
	Author = {David Gleich},
	Date-Added = {2014-08-22 16:25:26 +0000},
	Date-Modified = {2014-08-22 16:26:09 +0000},
	Organization = {Self published},
	Title = {Finite Calculus: A Tutorial for Solving Nasty Sums},
	Year = {2005}}

@manual{aip:1990,
	Author = {AIP Publication Board},
	Date-Added = {2014-08-22 16:19:10 +0000},
	Date-Modified = {2014-08-22 16:19:10 +0000},
	Edition = {4th},
	Organization = {American Institute of Physics},
	Title = {AIP Style Manual},
	Year = {1990}}

@book{houston:2009,
	Author = {Kevin Houston},
	Date-Added = {2014-08-22 14:55:30 +0000},
	Date-Modified = {2014-08-22 14:56:58 +0000},
	Publisher = {Cambridge University Press},
	Title = {How to Think Like a Mathematician -- A Companion to Undergraduate Mathematics},
	Year = {2009}}

@article{hestenes:1987,
	Author = {David Hestenes},
	Date-Added = {2014-08-21 17:10:58 +0000},
	Date-Modified = {2014-08-21 17:12:10 +0000},
	Journal = {Am. J. Phys.},
	Number = {5},
	Pages = {pp 440-454},
	Title = {Toward a modeling theory of physics instruction},
	Volume = {55},
	Year = {1987}}

@misc{denker:notation,
	Author = {John Denker},
	Date-Added = {2014-08-21 10:25:24 +0000},
	Date-Modified = {2014-08-21 10:26:11 +0000},
	Lastchecked = {2014.08.21},
	Month = {08},
	Title = {Fundamental Notions of Vectors},
	Url = {http://www.av8n.com/physics/vector-intro.htm#sec-suggestions},
	Year = {2014},
	Bdsk-Url-1 = {http://en.wikipedia.org/wiki/Localization_theorem}}

@book{thorne:2011,
	Author = {Roger D. Blandford and Kip S. Thorne},
	Date-Added = {2014-08-20 19:43:09 +0000},
	Date-Modified = {2014-08-20 19:43:20 +0000},
	Publisher = {California Institute of Technology},
	Title = {Applications of Classical Physics},
	Year = {2011}}

@book{lehman:2011,
	Author = {Eric Lehman and F Tom Leighton and Albert R Meyer},
	Date-Added = {2014-08-20 12:26:55 +0000},
	Date-Modified = {2014-08-20 12:28:35 +0000},
	Publisher = {Google Inc. and Massachussetts Institute of Technology},
	Title = {Mathematics for Computer Science},
	Year = {2013}}

@booklet{lamport:1993,
	Author = {Leslie Lamport},
	Date-Added = {2014-08-20 12:01:50 +0000},
	Date-Modified = {2014-08-20 12:02:58 +0000},
	Title = {How to Write a Proof},
	Year = {1993}}

@booklet{lamport:2012,
	Author = {Leslie Lamport},
	Date-Added = {2014-08-20 11:59:23 +0000},
	Date-Modified = {2014-08-20 12:00:56 +0000},
	Title = {How to Write a 21st Century Proof},
	Year = {2012}}

@book{lindner:2011,
	Author = {John F. Lindner},
	Date-Added = {2014-08-19 16:29:57 +0000},
	Date-Modified = {2014-08-19 16:30:49 +0000},
	Publisher = {The College of Wooster},
	Title = {Electromagnetism with Spacetime Algebra},
	Year = {2011}}

@book{collins:2011,
	Author = {Ben Collins-Sussman and Brian W. Fitzpatrick and C. Michael Pilato},
	Date-Added = {2014-08-14 09:11:04 +0000},
	Date-Modified = {2014-08-14 09:12:22 +0000},
	Publisher = {Ben Collins-Sussman},
	Title = {Version Control with Subversion: For Subversion 1.7},
	Year = {2011}}

@misc{spinoza:wikiquote,
	Author = {Wikiquote},
	Date-Added = {2014-08-14 09:06:36 +0000},
	Date-Modified = {2014-08-14 09:06:54 +0000},
	Lastchecked = {2014.08.14},
	Month = {08},
	Title = {Baruch Spinoza},
	Url = {http://en.wikiquote.org/wiki/Baruch_Spinoza},
	Year = {2014},
	Bdsk-Url-1 = {http://en.wikipedia.org/wiki/Localization_theorem}}

@book{krantz:2011,
	Author = {Steven G. Krantz},
	Date-Added = {2014-08-14 09:01:03 +0000},
	Date-Modified = {2014-08-14 09:02:44 +0000},
	Publisher = {Springer},
	Title = {The Proof is in the Pudding -- A Look at the Changing Nature of Mathematical Proof},
	Year = {2011}}

@book{brinhurst:2004,
	Author = {Robert Bringhurst},
	Date-Added = {2014-08-14 08:53:41 +0000},
	Date-Modified = {2014-08-14 08:55:13 +0000},
	Publisher = {Hartley \& Marks Publishers},
	Title = {The Elements of Typographic Style},
	Year = {2004}}

@misc{hilbert:quotes,
	Author = {University of St Andrews Scotland},
	Date-Added = {2014-08-14 08:49:51 +0000},
	Date-Modified = {2014-08-14 08:51:23 +0000},
	Lastchecked = {2014.08.14},
	Month = {08},
	Title = {Quotations by David Hilbert},
	Url = {http://www-history.mcs.st-and.ac.uk/Quotations/Hilbert.html},
	Year = {2014},
	Bdsk-Url-1 = {http://en.wikipedia.org/wiki/Localization_theorem}}

@misc{vonneumann:wikiquote,
	Author = {Wikiquote},
	Date-Added = {2014-08-14 08:35:42 +0000},
	Date-Modified = {2014-08-14 08:36:09 +0000},
	Lastchecked = {2014.08.14},
	Month = {08},
	Title = {John von Neumann},
	Url = {http://en.wikiquote.org/wiki/John_von_Neumann},
	Year = {2014},
	Bdsk-Url-1 = {http://en.wikipedia.org/wiki/Localization_theorem}}

@misc{pascal:wikiquote,
	Author = {Wikiquote},
	Date-Added = {2014-08-14 08:28:58 +0000},
	Date-Modified = {2014-08-14 08:29:18 +0000},
	Lastchecked = {2014.08.14},
	Month = {08},
	Title = {Blaise Pascal},
	Url = {http://en.wikiquote.org/wiki/Blaise_Pascal},
	Year = {2014},
	Bdsk-Url-1 = {http://en.wikipedia.org/wiki/Localization_theorem}}

@misc{dryden:wikiquote,
	Author = {Wikiquote},
	Date-Added = {2014-08-14 08:13:07 +0000},
	Date-Modified = {2014-08-14 08:13:51 +0000},
	Lastchecked = {2014.08.14},
	Month = {08},
	Title = {John Dryden},
	Url = {http://en.wikiquote.org/wiki/John_Dryden},
	Year = {2014},
	Bdsk-Url-1 = {http://en.wikipedia.org/wiki/Localization_theorem}}

@misc{gauss:wikiquote,
	Author = {Wikiquote},
	Date-Added = {2014-08-14 08:09:01 +0000},
	Date-Modified = {2014-08-14 08:09:21 +0000},
	Lastchecked = {2014.08.14},
	Month = {08},
	Title = {Carl Friedrich Gauss},
	Url = {http://en.wikiquote.org/wiki/Gauss},
	Year = {2014},
	Bdsk-Url-1 = {http://en.wikipedia.org/wiki/Localization_theorem}}

@misc{leastaction:wiki,
	Author = {Wikipedia},
	Date-Added = {2014-08-14 07:56:11 +0000},
	Date-Modified = {2014-08-14 07:56:11 +0000},
	Lastchecked = {2014.05.03},
	Month = {08},
	Title = {Principle of least action},
	Url = {http://en.wikipedia.org/wiki/Principle_of_least_action},
	Year = {2014},
	Bdsk-Url-1 = {http://en.wikipedia.org/wiki/Localization_theorem}}

@misc{euler:wikiquote,
	Author = {Wikiquote},
	Date-Added = {2014-08-14 07:55:28 +0000},
	Date-Modified = {2014-08-14 07:55:28 +0000},
	Lastchecked = {2014.08.14},
	Month = {08},
	Title = {Leonhard Euler},
	Url = {http://en.wikiquote.org/wiki/Leonhard_Euler},
	Year = {2014},
	Bdsk-Url-1 = {http://en.wikipedia.org/wiki/Localization_theorem}}

@misc{newton:wikiquote,
	Author = {Wikiquote},
	Date-Added = {2014-08-14 07:53:42 +0000},
	Date-Modified = {2014-08-14 07:53:42 +0000},
	Lastchecked = {2014.08.14},
	Month = {08},
	Title = {Isaac Newton},
	Url = {http://en.wikiquote.org/wiki/Isaac_Newton},
	Year = {2014},
	Bdsk-Url-1 = {http://en.wikipedia.org/wiki/Localization_theorem}}

@book{tong:2004,
	Author = {David Tong},
	Date-Added = {2014-08-11 22:13:11 +0000},
	Date-Modified = {2014-08-11 22:14:02 +0000},
	Publisher = {University of Cambridge},
	Title = {Classical Dynamics},
	Year = {2004}}

@misc{dimanalysis:wiki,
	Author = {Wikipedia},
	Date-Added = {2014-08-05 00:46:13 +0000},
	Date-Modified = {2014-08-05 00:46:13 +0000},
	Lastchecked = {2014.05.03},
	Month = {05},
	Title = {Dimensional analysis},
	Url = {http://en.wikipedia.org/wiki/Dimensional_analysis#Dimensional_homogeneity},
	Year = {2014},
	Bdsk-Url-1 = {http://en.wikipedia.org/wiki/Localization_theorem}}

@book{sonin:2001,
	Author = {Ain A. Sonin},
	Date-Added = {2014-08-05 00:46:13 +0000},
	Date-Modified = {2014-08-05 00:46:13 +0000},
	Publisher = {Department of Mechanical Engineering MIT},
	Title = {The Physical Basis of Dimensional Analysis},
	Year = {2001}}

@misc{heateqn:wiki,
	Author = {Wikipedia},
	Date-Added = {2014-07-18 23:22:48 +0000},
	Date-Modified = {2014-07-18 23:23:18 +0000},
	Lastchecked = {2014.05.03},
	Month = {05},
	Title = {Heat equation},
	Url = {http://en.wikipedia.org/wiki/Heat_equation},
	Year = {2014},
	Bdsk-Url-1 = {http://en.wikipedia.org/wiki/Localization_theorem}}

@article{hestenes:1998,
	Author = {David Hestenes},
	Date-Added = {2014-07-11 07:47:07 +0000},
	Date-Modified = {2014-07-11 07:48:00 +0000},
	Journal = {Self published},
	Title = {Foundations of Mechanics},
	Year = {1998}}

@article{hestenes:2003,
	Author = {David Hestenes},
	Date-Added = {2014-07-11 07:40:53 +0000},
	Date-Modified = {2014-07-11 07:43:44 +0000},
	Journal = {American Journal of Physics},
	Month = {February},
	Number = {71},
	Pages = {pp. 104-121},
	Title = {Oersted Medal Lecture 2002: Reforming the Mathematical Language of Physics},
	Year = {2003}}

@book{hestenes:2002,
	Author = {David Hestenes},
	Date-Added = {2014-07-11 06:21:15 +0000},
	Date-Modified = {2014-07-11 06:23:23 +0000},
	Edition = {Second},
	Publisher = {Kluwer Academic Publishers},
	Title = {New Foundations for Classical Mechanics},
	Year = {2002}}

@book{sanjoy:2010,
	Author = {Sanjoy Mahajan},
	Date-Added = {2014-06-24 09:12:27 +0000},
	Date-Modified = {2014-06-24 09:15:08 +0000},
	Publisher = {MIT Press},
	Title = {Street-Fighting Mathematics: The Art of Educated Guessing and Opportunistic Problem Solving},
	Year = {2010}}

@phdthesis{sanjoy:1998,
	Author = {Sanjoy Mahajan},
	Date-Added = {2014-06-11 21:29:27 +0000},
	Date-Modified = {2014-06-11 21:29:27 +0000},
	School = {California Institute of Technology},
	Title = {Order of Magnitude Physics -- A Textbook with Applications to the Retinal Rod and to the Density of Prime Numbers},
	Year = {1998}}

@misc{flux:wiki,
	Author = {Wikipedia},
	Date-Added = {2014-06-10 12:46:08 +0000},
	Date-Modified = {2014-06-10 12:52:30 +0000},
	Lastchecked = {2014.05.03},
	Month = {05},
	Title = {Flux},
	Url = {http://en.wikipedia.org/wiki/Flux},
	Year = {2014},
	Bdsk-Url-1 = {http://en.wikipedia.org/wiki/Localization_theorem}}

@misc{diffundint:wiki,
	Author = {Wikipedia},
	Date-Added = {2014-06-10 12:43:28 +0000},
	Date-Modified = {2014-06-10 12:44:05 +0000},
	Lastchecked = {2014.05.03},
	Month = {05},
	Title = {Differentiation under the integral sign},
	Url = {http://en.wikipedia.org/wiki/Differentiation_under_the_integral_sign},
	Year = {2014},
	Bdsk-Url-1 = {http://en.wikipedia.org/wiki/Localization_theorem}}

@misc{knudsen:wiki,
	Author = {Wikipedia},
	Date-Added = {2014-06-10 12:41:14 +0000},
	Date-Modified = {2014-06-10 12:41:52 +0000},
	Lastchecked = {2014.05.03},
	Month = {05},
	Title = {Knudsen number},
	Url = {http://en.wikipedia.org/wiki/Knudsen_number},
	Year = {2014},
	Bdsk-Url-1 = {http://en.wikipedia.org/wiki/Localization_theorem}}

@misc{conthypo:wiki,
	Author = {Wikipedia},
	Date-Added = {2014-06-10 12:38:52 +0000},
	Date-Modified = {2014-06-10 13:31:09 +0000},
	Lastchecked = {2014.05.03},
	Month = {05},
	Title = {Fluid mechanics},
	Url = {http://en.wikipedia.org/wiki/Fluid_mechanics},
	Year = {2014},
	Bdsk-Url-1 = {http://en.wikipedia.org/wiki/Localization_theorem}}

@book{thorne:2013,
	Author = {Roger D. Blandford and Kip S. Thorne},
	Date-Added = {2014-06-05 08:46:08 +0000},
	Date-Modified = {2014-08-20 18:40:22 +0000},
	Publisher = {California Institute of Technology},
	Title = {Applications of Classical Physics},
	Year = {2013}}

@book{fitz:2014,
	Author = {Richard Fitzpatrick},
	Date-Added = {2014-06-04 12:16:10 +0000},
	Date-Modified = {2014-06-04 12:17:24 +0000},
	Publisher = {The University of Texas at Austin},
	Title = {Thermodynamics \& Statistical Mechanics: An intermediate level course},
	Year = {2014}}

@misc{locthrm:wiki,
	Author = {Wikipedia},
	Date-Added = {2014-06-03 12:42:39 +0000},
	Date-Modified = {2014-06-03 12:43:42 +0000},
	Lastchecked = {2014.05.03},
	Month = {05},
	Title = {Localization theorem},
	Url = {http://en.wikipedia.org/wiki/Localization_theorem},
	Year = {2014},
	Bdsk-Url-1 = {http://en.wikipedia.org/wiki/Localization_theorem}}

@book{apostol:1967,
	Author = {Tom M. Apostol},
	Date-Added = {2014-06-03 12:38:41 +0000},
	Date-Modified = {2014-06-03 12:41:02 +0000},
	Publisher = {Xerox},
	Title = {Calculus, One-Variable Calculus with an Introduction to Linear Algebra},
	Year = {1967}}

@misc{denker:cons,
	Author = {John Denker},
	Date-Added = {2014-06-03 12:29:15 +0000},
	Date-Modified = {2014-06-03 12:33:15 +0000},
	Lastchecked = {2014.05.03},
	Month = {05},
	Title = {Conservation as related to continuity and constancy},
	Url = {http://www.av8n.com/physics/conservation-continuity.htm},
	Urldate = {2014},
	Year = {2014},
	Bdsk-Url-1 = {http://www.av8n.com/physics/conservative-flow.htm}}

@misc{navstkseqn:wiki,
	Author = {Wikipedia},
	Date-Added = {2014-06-03 12:16:08 +0000},
	Date-Modified = {2014-06-03 12:43:25 +0000},
	Lastchecked = {2014.05.03},
	Month = {05},
	Title = {Navier--Stokes equations},
	Url = {http://en.wikipedia.org/wiki/Navier–Stokes_equations},
	Year = {2014},
	Bdsk-Url-1 = {http://en.wikipedia.org/wiki/Localization_theorem}}

@misc{denker:euler,
	Author = {John Denker},
	Date-Added = {2013-12-29 04:27:03 +0000},
	Date-Modified = {2014-08-05 03:46:03 +0000},
	Lastchecked = {2014.05.03},
	Month = {05},
	Title = {Euler's equation -- momentum-flow and force-density in fluid dynamics},
	Url = {http://www.av8n.com/physics/euler-flow.htm},
	Urldate = {2014},
	Year = {2014},
	Bdsk-Url-1 = {http://www.av8n.com/physics/conservative-flow.htm},
	Bdsk-Url-2 = {http://www.av8n.com/physics/euler-flow.htm}}

@comment{BibDesk URL Groups{
<?xml version="1.0" encoding="UTF-8"?>
<!DOCTYPE plist PUBLIC "-//Apple//DTD PLIST 1.0//EN" "http://www.apple.com/DTDs/PropertyList-1.0.dtd">
<plist version="1.0">
<array>
	<dict>
		<key>URL</key>
		<string>file://localhost/Users/diego/Documents/PhD%20work/PhD-thermoprocess/basic%20research/tex/dissertation/backMatter/references.bib</string>
		<key>group name</key>
		<string>references.bib</string>
	</dict>
</array>
</plist>
}}
