%% This BibTeX bibliography file was created using BibDesk.
%% http://bibdesk.sourceforge.net/


%% Created for art at 2014-01-14 16:20:41 +0100 


%% Saved with string encoding Unicode (UTF-8) 



@webpage{knudsen-num:2014,
	Author = {Wikipedia},
	Date-Added = {2014-01-14 15:17:21 +0000},
	Date-Modified = {2014-01-14 15:20:41 +0000},
	Lastchecked = {2014.01.14},
	Month = {01},
	Title = {Knudsen number},
	Url = {http://en.wikipedia.org/wiki/Knudsen_number},
	Year = {2014}}

@book{fitzpatrick:2009,
	Author = {Richard Fitzpatrick},
	Date-Added = {2014-01-14 15:16:16 +0000},
	Date-Modified = {2014-01-14 15:17:09 +0000},
	Publisher = {University of Texas},
	Title = {Thermodynamics and Statistical Mechanics -- An intermediate level course},
	Year = {2009}}

@book{mises:1945,
	Author = {Richard von Mises},
	Date-Added = {2013-12-29 04:33:34 +0000},
	Date-Modified = {2013-12-29 04:35:35 +0000},
	Isbn = {0 486 60541 8},
	Publisher = {Dover},
	Title = {Theory of Flight},
	Year = {reprint 1959}}

@url{denker:flies,
	Author = {John Denker},
	Date-Added = {2013-12-29 04:32:01 +0000},
	Date-Modified = {2013-12-29 04:33:05 +0000},
	Lastchecked = {29/12/2013},
	Title = {John Denker, ``Airfoils and Airflow'' [Chapter 3 of See How It Flies ../how/htm/airfoils.html John Denker, ``Airfoils and Airflow'' [Chapter 3 of See How It Flies ../how/htm/airfoils.html John Denker, ``Airfoils and Airflow'' [Chapter 3 of See How It Flies ../how/htm/airfoils.html John Denker, ``Airfoils and Airflow'' [Chapter 3 of See How It Flies ../how/htm/airfoils.html Airfoils and Airflow},
	Url = {http://www.av8n.com/how/htm/airfoils.html},
	Urldate = {2013},
	Bdsk-Url-1 = {http://www.av8n.com/physics/conservative-flow.htm},
	Bdsk-Url-2 = {http://www.av8n.com/how/htm/airfoils.html}}

@url{denker:euler,
	Author = {John Denker},
	Date-Added = {2013-12-29 04:27:03 +0000},
	Date-Modified = {2013-12-29 04:33:16 +0000},
	Lastchecked = {29/12/2013},
	Title = {Conservative Flow in Spacetime},
	Url = {http://www.av8n.com/physics/conservative-flow.htm},
	Urldate = {2013},
	Bdsk-Url-1 = {http://www.av8n.com/physics/conservative-flow.htm}}

@comment{BibDesk URL Groups{
<?xml version="1.0" encoding="UTF-8"?>
<!DOCTYPE plist PUBLIC "-//Apple//DTD PLIST 1.0//EN" "http://www.apple.com/DTDs/PropertyList-1.0.dtd">
<plist version="1.0">
<array>
	<dict>
		<key>URL</key>
		<string>file://localhost/Users/diego/Documents/PhD%20work/PhD-thermoprocess/basic%20research/tex/dissertation/backMatter/references.bib</string>
		<key>group name</key>
		<string>references.bib</string>
	</dict>
</array>
</plist>
}}
