%% This BibTeX bibliography file was created using BibDesk.
%% http://bibdesk.sourceforge.net/


%% Created for art at 2014-08-14 11:53:49 +0200 


%% Saved with string encoding Unicode (UTF-8) 



@misc{borges:wiki,
	Author = {Wikipedia},
	Date-Added = {2014-08-14 09:53:26 +0000},
	Date-Modified = {2014-08-14 09:53:49 +0000},
	Lastchecked = {2014.05.03},
	Month = {08},
	Title = {The Aleph (short story)},
	Url = {http://en.wikipedia.org/wiki/The_Aleph_(short_story)},
	Year = {2014},
	Bdsk-Url-1 = {http://en.wikipedia.org/wiki/Localization_theorem}}

@misc{aleph:wiki,
	Author = {Wikipedia},
	Date-Added = {2014-08-14 09:51:37 +0000},
	Date-Modified = {2014-08-14 09:52:24 +0000},
	Lastchecked = {2014.05.03},
	Month = {08},
	Title = {Aleph},
	Url = {http://en.wikipedia.org/wiki/Aleph},
	Year = {2014},
	Bdsk-Url-1 = {http://en.wikipedia.org/wiki/Localization_theorem}}

@misc{newton:wikiquote,
	Author = {Wikiquote},
	Date-Added = {2014-08-14 07:52:22 +0000},
	Date-Modified = {2014-08-14 07:52:46 +0000},
	Lastchecked = {2014.08.14},
	Month = {08},
	Title = {Isaac Newton},
	Url = {http://en.wikiquote.org/wiki/Isaac_Newton},
	Year = {2014},
	Bdsk-Url-1 = {http://en.wikipedia.org/wiki/Localization_theorem}}

@misc{euler:wikiquote,
	Author = {Wikiquote},
	Date-Added = {2014-08-13 22:01:35 +0000},
	Date-Modified = {2014-08-13 22:05:43 +0000},
	Lastchecked = {2014.08.14},
	Month = {08},
	Title = {Leonhard Euler},
	Url = {http://en.wikiquote.org/wiki/Leonhard_Euler},
	Year = {2014},
	Bdsk-Url-1 = {http://en.wikipedia.org/wiki/Localization_theorem}}

@misc{leastaction:wiki,
	Author = {Wikipedia},
	Date-Added = {2014-08-13 21:16:56 +0000},
	Date-Modified = {2014-08-13 21:19:39 +0000},
	Lastchecked = {2014.05.03},
	Month = {08},
	Title = {Principle of least action},
	Url = {http://en.wikipedia.org/wiki/Principle_of_least_action},
	Year = {2014},
	Bdsk-Url-1 = {http://en.wikipedia.org/wiki/Localization_theorem}}

@misc{action:wiki,
	Author = {Wikipedia},
	Date-Added = {2014-08-13 21:08:01 +0000},
	Date-Modified = {2014-08-13 22:06:03 +0000},
	Lastchecked = {2014.08.14},
	Month = {08},
	Title = {Action (physics)},
	Url = {http://en.wikipedia.org/wiki/Action_(physics)},
	Year = {2014},
	Bdsk-Url-1 = {http://en.wikipedia.org/wiki/Localization_theorem}}

@book{tong:2004,
	Author = {David Tong},
	Date-Added = {2014-08-11 22:13:11 +0000},
	Date-Modified = {2014-08-11 22:14:02 +0000},
	Publisher = {University of Cambridge},
	Title = {Classical Dynamics},
	Year = {2004}}

@book{sonin:2001,
	Author = {Ain A. Sonin},
	Date-Added = {2014-08-05 00:46:13 +0000},
	Date-Modified = {2014-08-05 00:46:13 +0000},
	Publisher = {Department of Mechanical Engineering MIT},
	Title = {The Physical Basis of Dimensional Analysis},
	Year = {2001}}

@article{hestenes:1998,
	Author = {David Hestenes},
	Date-Added = {2014-07-11 07:47:07 +0000},
	Date-Modified = {2014-07-11 07:48:00 +0000},
	Journal = {Self published},
	Title = {Foundations of Mechanics},
	Year = {1998}}

@article{hestenes:2003,
	Author = {David Hestenes},
	Date-Added = {2014-07-11 07:40:53 +0000},
	Date-Modified = {2014-07-11 07:43:44 +0000},
	Journal = {American Journal of Physics},
	Month = {February},
	Number = {71},
	Pages = {pp. 104-121},
	Title = {Oersted Medal Lecture 2002: Reforming the Mathematical Language of Physics},
	Year = {2003}}

@book{hestenes:2002,
	Author = {David Hestenes},
	Date-Added = {2014-07-11 06:21:15 +0000},
	Date-Modified = {2014-07-11 06:23:23 +0000},
	Edition = {Second},
	Publisher = {Kluwer Academic Publishers},
	Title = {New Foundations for Classical Mechanics},
	Year = {2002}}

@book{sanjoy:2010,
	Author = {Sanjoy Mahajan},
	Date-Added = {2014-06-24 09:12:27 +0000},
	Date-Modified = {2014-06-24 09:15:08 +0000},
	Publisher = {MIT Press},
	Title = {Street-Fighting Mathematics: The Art of Educated Guessing and Opportunistic Problem Solving},
	Year = {2010}}

@phdthesis{sanjoy:1998,
	Author = {Sanjoy Mahajan},
	Date-Added = {2014-06-11 21:29:27 +0000},
	Date-Modified = {2014-06-11 21:29:27 +0000},
	School = {California Institute of Technology},
	Title = {Order of Magnitude Physics -- A Textbook with Applications to the Retinal Rod and to the Density of Prime Numbers},
	Year = {1998}}

@book{thorne:2011,
	Author = {Roger D. Blandford and Kip S. Thorne},
	Date-Added = {2014-06-05 08:46:08 +0000},
	Date-Modified = {2014-06-05 08:47:22 +0000},
	Publisher = {California Institute of Technology},
	Title = {Applications of Classical Physics},
	Year = {2011}}

@misc{locthrm:wiki,
	Author = {Wikipedia},
	Date-Added = {2014-06-03 12:42:39 +0000},
	Date-Modified = {2014-06-03 12:43:42 +0000},
	Lastchecked = {2014.05.03},
	Month = {05},
	Title = {Localization theorem},
	Url = {http://en.wikipedia.org/wiki/Localization_theorem},
	Year = {2014},
	Bdsk-Url-1 = {http://en.wikipedia.org/wiki/Localization_theorem}}

@book{apostol:1967,
	Author = {Tom M. Apostol},
	Date-Added = {2014-06-03 12:38:41 +0000},
	Date-Modified = {2014-06-03 12:41:02 +0000},
	Publisher = {Xerox},
	Title = {Calculus, One-Variable Calculus with an Introduction to Linear Algebra},
	Year = {1967}}

@comment{BibDesk URL Groups{
<?xml version="1.0" encoding="UTF-8"?>
<!DOCTYPE plist PUBLIC "-//Apple//DTD PLIST 1.0//EN" "http://www.apple.com/DTDs/PropertyList-1.0.dtd">
<plist version="1.0">
<array>
	<dict>
		<key>URL</key>
		<string>file://localhost/Users/diego/Documents/PhD%20work/PhD-thermoprocess/basic%20research/tex/dissertation/backMatter/references.bib</string>
		<key>group name</key>
		<string>references.bib</string>
	</dict>
</array>
</plist>
}}
