%% This BibTeX bibliography file was created using BibDesk.
%% http://bibdesk.sourceforge.net/


%% Created for art at 2014-06-24 11:15:08 +0200 


%% Saved with string encoding Unicode (UTF-8) 



@book{sanjoy:2010,
	Author = {Sanjoy Mahajan},
	Date-Added = {2014-06-24 09:12:27 +0000},
	Date-Modified = {2014-06-24 09:15:08 +0000},
	Publisher = {MIT Press},
	Title = {Street-Fighting Mathematics: The Art of Educated Guessing and Opportunistic Problem Solving},
	Year = {2010}}

@phdthesis{sanjoy:1998,
	Author = {Sanjoy Mahajan},
	Date-Added = {2014-06-11 21:29:27 +0000},
	Date-Modified = {2014-06-11 21:29:27 +0000},
	School = {California Institute of Technology},
	Title = {Order of Magnitude Physics -- A Textbook with Applications to the Retinal Rod and to the Density of Prime Numbers},
	Year = {1998}}

@misc{flux:wiki,
	Author = {Wikipedia},
	Date-Added = {2014-06-10 12:46:08 +0000},
	Date-Modified = {2014-06-10 12:52:30 +0000},
	Lastchecked = {2014.05.03},
	Month = {05},
	Title = {Flux},
	Url = {http://en.wikipedia.org/wiki/Flux},
	Year = {2014},
	Bdsk-Url-1 = {http://en.wikipedia.org/wiki/Localization_theorem}}

@misc{diffundint:wiki,
	Author = {Wikipedia},
	Date-Added = {2014-06-10 12:43:28 +0000},
	Date-Modified = {2014-06-10 12:44:05 +0000},
	Lastchecked = {2014.05.03},
	Month = {05},
	Title = {Differentiation under the integral sign},
	Url = {http://en.wikipedia.org/wiki/Differentiation_under_the_integral_sign},
	Year = {2014},
	Bdsk-Url-1 = {http://en.wikipedia.org/wiki/Localization_theorem}}

@misc{knudsen:wiki,
	Author = {Wikipedia},
	Date-Added = {2014-06-10 12:41:14 +0000},
	Date-Modified = {2014-06-10 12:41:52 +0000},
	Lastchecked = {2014.05.03},
	Month = {05},
	Title = {Knudsen number},
	Url = {http://en.wikipedia.org/wiki/Knudsen_number},
	Year = {2014},
	Bdsk-Url-1 = {http://en.wikipedia.org/wiki/Localization_theorem}}

@misc{conthypo:wiki,
	Author = {Wikipedia},
	Date-Added = {2014-06-10 12:38:52 +0000},
	Date-Modified = {2014-06-10 13:31:09 +0000},
	Lastchecked = {2014.05.03},
	Month = {05},
	Title = {Fluid mechanics},
	Url = {http://en.wikipedia.org/wiki/Fluid_mechanics},
	Year = {2014},
	Bdsk-Url-1 = {http://en.wikipedia.org/wiki/Localization_theorem}}

@book{thorne:2011,
	Author = {Roger D. Blandford and Kip S. Thorne},
	Date-Added = {2014-06-05 08:46:08 +0000},
	Date-Modified = {2014-06-05 08:47:22 +0000},
	Publisher = {California Institute of Technology},
	Title = {Applications of Classical Physics},
	Year = {2011}}

@book{fitz:2014,
	Author = {Richard Fitzpatrick},
	Date-Added = {2014-06-04 12:16:10 +0000},
	Date-Modified = {2014-06-04 12:17:24 +0000},
	Publisher = {The University of Texas at Austin},
	Title = {Thermodynamics \& Statistical Mechanics: An intermediate level course},
	Year = {2014}}

@misc{locthrm:wiki,
	Author = {Wikipedia},
	Date-Added = {2014-06-03 12:42:39 +0000},
	Date-Modified = {2014-06-03 12:43:42 +0000},
	Lastchecked = {2014.05.03},
	Month = {05},
	Title = {Localization theorem},
	Url = {http://en.wikipedia.org/wiki/Localization_theorem},
	Year = {2014},
	Bdsk-Url-1 = {http://en.wikipedia.org/wiki/Localization_theorem}}

@book{apostol:1967,
	Author = {Tom M. Apostol},
	Date-Added = {2014-06-03 12:38:41 +0000},
	Date-Modified = {2014-06-03 12:41:02 +0000},
	Publisher = {Xerox},
	Title = {Calculus, One-Variable Calculus with an Introduction to Linear Algebra},
	Year = {1967}}

@misc{denker:cons,
	Author = {John Denker},
	Date-Added = {2014-06-03 12:29:15 +0000},
	Date-Modified = {2014-06-03 12:33:15 +0000},
	Lastchecked = {2014.05.03},
	Month = {05},
	Title = {Conservation as related to continuity and constancy},
	Url = {http://www.av8n.com/physics/conservation-continuity.htm},
	Urldate = {2014},
	Year = {2014},
	Bdsk-Url-1 = {http://www.av8n.com/physics/conservative-flow.htm}}

@misc{navstkseqn:wiki,
	Author = {Wikipedia},
	Date-Added = {2014-06-03 12:16:08 +0000},
	Date-Modified = {2014-06-03 12:43:25 +0000},
	Lastchecked = {2014.05.03},
	Month = {05},
	Title = {Navier--Stokes equations},
	Url = {http://en.wikipedia.org/wiki/Navierâ€“Stokes_equations},
	Year = {2014},
	Bdsk-Url-1 = {http://en.wikipedia.org/wiki/Localization_theorem}}

@misc{denker:euler,
	Author = {John Denker},
	Date-Added = {2013-12-29 04:27:03 +0000},
	Date-Modified = {2014-06-03 12:31:20 +0000},
	Lastchecked = {2014.05.03},
	Month = {05},
	Title = {Euler's equation -- momentum-flow and force-density in fluid dynamics},
	Url = {http://www.av8n.com/physics/euler-flow.htm},
	Urldate = {2014},
	Year = {2014},
	Bdsk-Url-1 = {http://www.av8n.com/physics/conservative-flow.htm},
	Bdsk-Url-2 = {http://www.av8n.com/physics/euler-flow.htm}}

@comment{BibDesk URL Groups{
<?xml version="1.0" encoding="UTF-8"?>
<!DOCTYPE plist PUBLIC "-//Apple//DTD PLIST 1.0//EN" "http://www.apple.com/DTDs/PropertyList-1.0.dtd">
<plist version="1.0">
<array>
	<dict>
		<key>URL</key>
		<string>file://localhost/Users/diego/Documents/PhD%20work/PhD-thermoprocess/basic%20research/tex/dissertation/backMatter/references.bib</string>
		<key>group name</key>
		<string>references.bib</string>
	</dict>
</array>
</plist>
}}
