%% This BibTeX bibliography file was created using BibDesk.
%% http://bibdesk.sourceforge.net/


%% Created for art at 2014-05-21 14:29:28 +0200 


%% Saved with string encoding Unicode (UTF-8) 



@article{holmes:1899,
	Author = {Oliver W. Holmes},
	Date-Added = {2014-05-21 12:28:15 +0000},
	Date-Modified = {2014-05-21 12:29:28 +0000},
	Journal = {Harvard Law Review},
	Title = {Law in Science and Science in Law},
	Year = {1899}}

@phdthesis{sanjoy:1998,
	Author = {Sanjoy Mahajan},
	Date-Added = {2014-05-21 12:22:02 +0000},
	Date-Modified = {2014-05-21 12:24:01 +0000},
	School = {California Institute of Technology},
	Title = {Order of Magnitude Physics -- A Textbook with Applications to the Retinal Rod and to the Density of Prime Numbers},
	Year = {1998}}

@book{fowler:2003,
	Author = {A. C. Fowler},
	Date-Added = {2014-04-24 12:58:26 +0000},
	Date-Modified = {2014-04-24 12:59:31 +0000},
	Publisher = {Mathematical Institute, Oxford University},
	Title = {An Introduction to Mathematical Modeling},
	Year = {2003}}

@book{gibbings:2011,
	Author = {J.C. Gibbings},
	Date-Added = {2013-10-31 08:41:15 +0000},
	Date-Modified = {2013-10-31 08:41:44 +0000},
	Publisher = {Springer},
	Title = {Dimensional Analysis},
	Year = {2011}}

@article{berry:1995,
	Author = {Michael Berry},
	Date-Added = {2013-10-28 08:41:44 +0000},
	Date-Modified = {2013-10-28 11:16:41 +0000},
	Journal = {Annals of the New York Academy of Sciences},
	Month = {April},
	Title = {Two-State Quantum Asypmtotics},
	Volume = {755},
	Year = {1995}}
