%% This BibTeX bibliography file was created using BibDesk.
%% http://bibdesk.sourceforge.net/

%% Created for Diego Herrera at 2015-07-16 16:10:51 +0200 


%% Saved with string encoding Unicode (UTF-8) 



@book{apostol:1967,
	Author = {Tom Apostol},
	Date-Added = {2015-07-16 14:06:28 +0000},
	Date-Modified = {2015-07-16 14:10:50 +0000},
	Publisher = {John Wiley \& Sons, Inc.},
	Title = {Calculus},
	Volume = {I: One-variable Calculus, with an Introduction to Linear Algebra},
	Year = {1967}}

@webpage{wiki:archimedes,
	Author = {{Wikimedia Commons, the free media repository}},
	Date-Added = {2015-07-14 19:40:44 +0000},
	Date-Modified = {2015-07-14 19:50:05 +0000},
	Month = {07},
	Title = {Cylinder (geometry)},
	Url = {https://commons.wikimedia.org/wiki/Cylinder_(geometry)},
	Year = {2015},
	Bdsk-Url-1 = {https://commons.wikimedia.org/wiki/Cylinder_(geometry)}}

@booklet{bertschinger:1999,
	Author = {Edmund Bertschinger},
	Date-Added = {2015-07-08 20:56:25 +0000},
	Date-Modified = {2015-07-08 21:04:04 +0000},
	Publisher = {Massachusetts Institute of Technology},
	Title = {Introduction to Tensor Calculus for General Relativity},
	Url = {http://web.mit.edu/edbert/GR/gr1.pdf},
	Year = {1999},
	Bdsk-Url-1 = {http://web.mit.edu/edbert/GR/gr1.pdf}}
